%! Author = jasmincapka
%! Date = 31.03.22

@article{davis,
    author = {Davis, Michael},
    year = {1991},
    month = {01},
    pages = {150-167},
    title = {Thinking like an engineer: The place of a code of ethics},
    volume = {20},
    journal = {Philosophy and Public Affairs}
}

@article{vredenburgh,
    author = {Vredenburgh, Kate},
    year = {2022},
    title = {Fairness},
    journal = {Oxford Handbook of the Governance of AI}
}